@incollection{watson_good_2020,
    author = {Keane, Mark T. and Smyth, Barry},
    booktitle = {Case-Based Reasoning Research and Development},
    date = {2020},
    pages = {163--178},
    publisher = {Springer International Publishing},
    title = {Good Counterfactuals and Where to Find Them: A Case-Based Technique for Generating Counterfactuals for Explainable {AI} ({XAI})},
    volume = {12311},
}

@article{akula_cocox_2020,
    author = {Akula, Arjun and Wang, Shuai and Zhu, Song-Chun},
    date = {2020-04-03},
    journaltitle = {Proceedings of the {AAAI} Conference on Artificial Intelligence},
    number = {3},
    pages = {2594--2601},
    title = {{CoCoX}: Generating Conceptual and Counterfactual Explanations via Fault-Lines},
    volume = {34},
}

@inproceedings{balloccu_post_2022,
    author = {Balloccu, Giacomo and Boratto, Ludovico and Fenu, Gianni and Marras, Mirko},
    booktitle = {Proceedings of the 45th International {ACM} {SIGIR} Conference on Research and Development in Information Retrieval},
    date = {2022-07-06},
    pages = {646--656},
    publisher = {{ACM}},
    title = {Post Processing Recommender Systems with Knowledge Graphs for Recency, Popularity, and Diversity of Explanations},
}

@article{xu_adversarial_2020,
    author = {Xu, Da and Ruan, Chuanwei and Korpeoglu, Evren and Kumar, Sushant and Achan, Kannan},
    date = {2020},
    title = {Adversarial Counterfactual Learning and Evaluation for Recommender System},
}

@inproceedings{xian_cafe_2020,
    author = {Xian, Yikun and Fu, Zuohui and Zhao, Handong and Ge, Yingqiang and Chen, Xu and Huang, Qiaoying and Geng, Shijie and Qin, Zhou and De Melo, Gerard and Muthukrishnan, S. and Zhang, Yongfeng},
    booktitle = {Proceedings of the 29th {ACM} International Conference on Information \& Knowledge Management},
    date = {2020-10-19},
    pages = {1645--1654},
    publisher = {{ACM}},
    title = {{CAFE}: Coarse-to-Fine Neural Symbolic Reasoning for Explainable Recommendation},
}

@article{jaimini_causalkg_2022,
    author = {Jaimini, Utkarshani and Sheth, Amit},
    date = {2022-01-01},
    journaltitle = {{IEEE} Internet Computing},
    number = {1},
    pages = {43--50},
    title = {{CausalKG}: Causal Knowledge Graph Explainability Using Interventional and Counterfactual Reasoning},
    volume = {26},
}

@article{zellinger_counterfactual_2024,
    author = {Zellinger, Lena and Stephan, Andreas and Roth, Benjamin},
    date = {2024},
    title = {Counterfactual Reasoning with Knowledge Graph Embeddings},
}

@article{chiappa_path-specific_2019,
    author = {Chiappa, Silvia},
    date = {2019-07-17},
    journaltitle = {Proceedings of the {AAAI} Conference on Artificial Intelligence},
    number = {1},
    pages = {7801--7808},
    title = {Path-Specific Counterfactual Fairness},
    volume = {33},
}

@inproceedings{liu_practical_2022,
    author = {Liu, Yaxu and Yen, Jui-Nan and Yuan, Bowen and Shi, Rundong and Yan, Peng and Lin, Chih-Jen},
    booktitle = {Proceedings of the 28th {ACM} {SIGKDD} Conference on Knowledge Discovery and Data Mining},
    date = {2022-08-14},
    pages = {1141--1151},
    publisher = {{ACM}},
    title = {Practical Counterfactual Policy Learning for Top-K Recommendations},
}

@inproceedings{tan_counterfactual_2021,
    author = {Tan, Juntao and Xu, Shuyuan and Ge, Yingqiang and Li, Yunqi and Chen, Xu and Zhang, Yongfeng},
    booktitle = {Proceedings of the 30th {ACM} International Conference on Information \& Knowledge Management},
    date = {2021-10-26},
    pages = {1784--1793},
    publisher = {{ACM}},
    title = {Counterfactual Explainable Recommendation},
}

@article{yang_top-n_2021,
    author = {Yang, Mengyue and Dai, Quanyu and Dong, Zhenhua and Chen, Xu and He, Xiuqiang and Wang, Jun},
    date = {2021},
    title = {Top-N Recommendation with Counterfactual User Preference Simulation},
}

@inproceedings{wei_model-agnostic_2021,
    author = {Wei, Tianxin and Feng, Fuli and Chen, Jiawei and Wu, Ziwei and Yi, Jinfeng and He, Xiangnan},
    booktitle = {Proceedings of the 27th {ACM} {SIGKDD} Conference on Knowledge Discovery \& Data Mining},
    date = {2021-08-14},
    pages = {1791--1800},
    publisher = {{ACM}},
    title = {Model-Agnostic Counterfactual Reasoning for Eliminating Popularity Bias in Recommender System},
}

@inproceedings{ghazimatin_prince_2020,
    author = {Ghazimatin, Azin and Balalau, Oana and Saha Roy, Rishiraj and Weikum, Gerhard},
    booktitle = {Proceedings of the 13th International Conference on Web Search and Data Mining},
    date = {2020-01-20},
    pages = {196--204},
    publisher = {{ACM}},
    title = {{PRINCE}: Provider-side Interpretability with Counterfactual Explanations in Recommender Systems},
}

@inproceedings{chen_dark_2023,
    author = {Chen, Ziheng and Silvestri, Fabrizio and Wang, Jia and Zhang, Yongfeng and Tolomei, Gabriele},
    booktitle = {Proceedings of the 46th International {ACM} {SIGIR} Conference on Research and Development in Information Retrieval},
    date = {2023-07-19},
    pages = {2426--2430},
    publisher = {{ACM}},
    title = {The Dark Side of Explanations: Poisoning Recommender Systems with Counterfactual Examples},
}

@inproceedings{tran_counterfactual_2021,
    author = {Tran, Khanh Hiep and Ghazimatin, Azin and Saha Roy, Rishiraj},
    booktitle = {Proceedings of the 44th International {ACM} {SIGIR} Conference on Research and Development in Information Retrieval},
    date = {2021-07-11},
    pages = {1627--1631},
    publisher = {{ACM}},
    title = {Counterfactual Explanations for Neural Recommenders},
}

@article{wang_incorporating_2021,
    author = {Wang, Zikang and Li, Linjing and Zeng, Daniel and Wu, Xiaofei},
    date = {2021-07},
    journaltitle = {Knowledge-Based Systems},
    pages = {107035},
    title = {Incorporating prior knowledge from counterfactuals into knowledge graph reasoning},
    volume = {223},
}

@inproceedings{guo_towards_2023,
    author = {Guo, Zhimeng and Li, Jialiang and Xiao, Teng and Ma, Yao and Wang, Suhang},
    booktitle = {Proceedings of the 32nd {ACM} International Conference on Information and Knowledge Management},
    date = {2023-10-21},
    pages = {669--678},
    publisher = {{ACM}},
    title = {Towards Fair Graph Neural Networks via Graph Counterfactual},
}

@inproceedings{tan_learning_2022,
    author = {Tan, Juntao and Geng, Shijie and Fu, Zuohui and Ge, Yingqiang and Xu, Shuyuan and Li, Yunqi and Zhang, Yongfeng},
    booktitle = {Proceedings of the {ACM} Web Conference 2022},
    date = {2022-04-25},
    pages = {1018--1027},
    publisher = {{ACM}},
    title = {Learning and Evaluating Graph Neural Network Explanations based on Counterfactual and Factual Reasoning},
}

@article{lucic_cf-gnnexplainer_2021,
    author = {Lucic, Ana and ter Hoeve, Maartje and Tolomei, Gabriele and de Rijke, Maarten and Silvestri, Fabrizio},
    date = {2021},
    title = {{CF}-{GNNExplainer}: Counterfactual Explanations for Graph Neural Networks},
}

@article{ma_clear_2022,
    author = {Ma, Jing and Guo, Ruocheng and Mishra, Saumitra and Zhang, Aidong and Li, Jundong},
    date = {2022},
    title = {{CLEAR}: Generative Counterfactual Explanations on Graphs},
}

@article{wei_causal_2023,
    author = {Wei, Yinwei and Wang, Xiang and Nie, Liqiang and Li, Shaoyu and Wang, Dingxian and Chua, Tat-Seng},
    date = {2023-11-01},
    journaltitle = {{IEEE} Transactions on Knowledge and Data Engineering},
    number = {11},
    pages = {11153--11164},
    title = {Causal Inference for Knowledge Graph Based Recommendation},
    volume = {35},
}

@article{wang_explainable_2019,
    author = {Wang, Xiang and Wang, Dingxian and Xu, Canran and He, Xiangnan and Cao, Yixin and Chua, Tat-Seng},
    date = {2019-07-17},
    journaltitle = {Proceedings of the {AAAI} Conference on Artificial Intelligence},
    number = {1},
    pages = {5329--5336},
    title = {Explainable Reasoning over Knowledge Graphs for Recommendation},
    volume = {33},
}

@article{ai_learning_2018,
    author = {Ai, Qingyao and Azizi, Vahid and Chen, Xu and Zhang, Yongfeng},
    date = {2018-09-13},
    journaltitle = {Algorithms},
    number = {9},
    pages = {137},
    title = {Learning Heterogeneous Knowledge Base Embeddings for Explainable Recommendation},
    volume = {11},
}

@inproceedings{geng_path_2022,
    author = {Geng, Shijie and Fu, Zuohui and Tan, Juntao and Ge, Yingqiang and De Melo, Gerard and Zhang, Yongfeng},
    booktitle = {Proceedings of the {ACM} Web Conference 2022},
    date = {2022-04-25},
    pages = {946--955},
    publisher = {{ACM}},
    title = {Path Language Modeling over Knowledge Graphsfor Explainable Recommendation},
}

@article{medda_gnnuers_2024,
    author = {Medda, Giacomo and Fabbri, Francesco and Marras, Mirko and Boratto, Ludovico and Fenu, Gianni},
    date = {2024-04-03},
    journaltitle = {{ACM} Transactions on Intelligent Systems and Technology},
    pages = {3655631},
    title = {{GNNUERS}: Fairness Explanation in {GNNs} for Recommendation via Counterfactual Reasoning},
}

@article{wang_reinforced_2024,
    author = {Wang, Xiangmeng and Li, Qian and Yu, Dianer and Li, Qing and Xu, Guandong},
    date = {2024},
    journaltitle = {{IEEE} Transactions on Knowledge and Data Engineering},
    pages = {1--17},
    title = {Reinforced Path Reasoning for Counterfactual Explainable Recommendation},
}

@inproceedings{noauthor_explainable_nodate,
    title = {Explainable {GNN}-based models over knowledge graphs},
}

@inproceedings{xian_reinforcement_2019,
    author = {Xian, Yikun and Fu, Zuohui and Muthukrishnan, S. and De Melo, Gerard and Zhang, Yongfeng},
    booktitle = {Proceedings of the 42nd International {ACM} {SIGIR} Conference on Research and Development in Information Retrieval},
    date = {2019-07-18},
    pages = {285--294},
    publisher = {{ACM}},
    title = {Reinforcement Knowledge Graph Reasoning for Explainable Recommendation},
}

@article{blondel_fast_2008,
    author = {Blondel, Vincent D and Guillaume, Jean-Loup and Lambiotte, Renaud and Lefebvre, Etienne},
    date = {2008-10-09},
    journaltitle = {Journal of Statistical Mechanics: Theory and Experiment},
    number = {10},
    pages = {P10008},
    title = {Fast unfolding of communities in large networks},
    volume = {2008},
}

@article{zhang_explainable_2020,
    author = {Zhang, Yongfeng and Chen, Xu},
    date = {2020},
    journaltitle = {Foundations and Trends® in Information Retrieval},
    number = {1},
    pages = {1--101},
    title = {Explainable Recommendation: A Survey and New Perspectives},
    volume = {14},
}

@inproceedings{byrne_counterfactuals_2019,
    author = {Byrne, Ruth M. J.},
    booktitle = {Proceedings of the Twenty-Eighth International Joint Conference on Artificial Intelligence},
    date = {2019-08},
    pages = {6276--6282},
    publisher = {International Joint Conferences on Artificial Intelligence Organization},
    title = {Counterfactuals in Explainable Artificial Intelligence ({XAI}): Evidence from Human Reasoning},
}

@article{jannach_measuring_2019,
    author = {Jannach, Dietmar and Jugovac, Michael},
    date = {2019-12-31},
    journaltitle = {{ACM} Transactions on Management Information Systems},
    number = {4},
    pages = {1--23},
    title = {Measuring the Business Value of Recommender Systems},
    volume = {10},
}

@book{aggarwal_recommender_2016,
    author = {Aggarwal, Charu C.},
    date = {2016},
    publisher = {Springer International Publishing},
    title = {Recommender Systems},
}

@inproceedings{vultureanu-albisi_recommender_2021,
    author = {Vultureanu-Albisi, Alexandra and Badica, Costin},
    booktitle = {2021 International Conference on {INnovations} in Intelligent {SysTems} and Applications ({INISTA})},
    date = {2021-08-25},
    pages = {1--6},
    publisher = {{IEEE}},
    title = {Recommender Systems: An Explainable {AI} Perspective},
}

@article{tiddi_knowledge_2022,
    author = {Tiddi, Ilaria and Schlobach, Stefan},
    date = {2022-01},
    journaltitle = {Artificial Intelligence},
    pages = {103627},
    title = {Knowledge graphs as tools for explainable machine learning: A survey},
    volume = {302},
}

@article{guo_survey_2020,
    author = {Guo, Qingyu and Zhuang, Fuzhen and Qin, Chuan and Zhu, Hengshu and Xie, Xing and Xiong, Hui and He, Qing},
    date = {2020-10-07},
    journaltitle = {{IEEE} Transactions on Knowledge and Data Engineering},
    number = {8},
    pages = {3549--3568},
    title = {A Survey on Knowledge Graph-Based Recommender Systems},
    volume = {34},
}

@article{bloch2023centrality,
  title={Centrality measures in networks},
  author={Bloch, Francis and Jackson, Matthew O and Tebaldi, Pietro},
  journal={Social Choice and Welfare},
  volume={61},
  number={2},
  pages={413--453},
  year={2023},
  publisher={Springer}
}


@inproceedings{satopaa_finding_2011,
	location = {Minneapolis, {MN}, {USA}},
	title = {Finding a "Kneedle" in a Haystack: Detecting Knee Points in System Behavior},
	isbn = {978-1-4577-0384-3},
	url = {http://ieeexplore.ieee.org/document/5961514/},
	doi = {10.1109/ICDCSW.2011.20},
	shorttitle = {Finding a "Kneedle" in a Haystack},
	eventtitle = {2011 31st International Conference on Distributed Computing Systems Workshops ({ICDCS} Workshops)},
	pages = {166--171},
	booktitle = {2011 31st International Conference on Distributed Computing Systems Workshops},
	publisher = {{IEEE}},
	author = {Satopaa, Ville and Albrecht, Jeannie and Irwin, David and Raghavan, Barath},
	urldate = {2024-06-25},
	date = {2011-06},
}