@incollection{watson_good_2020,
	title = {Good Counterfactuals and Where to Find Them: A Case-Based Technique for Generating Counterfactuals for Explainable {AI} ({XAI})},
	volume = {12311},
	pages = {163--178},
	booktitle = {Case-Based Reasoning Research and Development},
	publisher = {Springer International Publishing},
	author = {Keane, Mark T. and Smyth, Barry},
	date = {2020},
}

@article{akula_cocox_2020,
	title = {{CoCoX}: Generating Conceptual and Counterfactual Explanations via Fault-Lines},
	volume = {34},
	pages = {2594--2601},
	number = {3},
	journaltitle = {Proceedings of the {AAAI} Conference on Artificial Intelligence},
	author = {Akula, Arjun and Wang, Shuai and Zhu, Song-Chun},
	date = {2020-04-03},
}

@inproceedings{balloccu_post_2022,
	title = {Post Processing Recommender Systems with Knowledge Graphs for Recency, Popularity, and Diversity of Explanations},
	pages = {646--656},
	booktitle = {Proceedings of the 45th International {ACM} {SIGIR} Conference on Research and Development in Information Retrieval},
	publisher = {{ACM}},
	author = {Balloccu, Giacomo and Boratto, Ludovico and Fenu, Gianni and Marras, Mirko},
	date = {2022-07-06},
}

@article{NEURIPS2020_9cd013fe,
 author = {Xu, Da and Ruan, Chuanwei and Korpeoglu, Evren and Kumar, Sushant and Achan, Kannan},
 booktitle = {Advances in Neural Information Processing Systems},
 pages = {13515--13526},
 publisher = {Curran Associates, Inc.},
 title = {Adversarial Counterfactual Learning and Evaluation for Recommender System},
 volume = {33},
 year = {2020}
}


@inproceedings{xian_cafe_2020,
	title = {{CAFE}: Coarse-to-Fine Neural Symbolic Reasoning for Explainable Recommendation},
	pages = {1645--1654},
	booktitle = {Proceedings of the 29th {ACM} International Conference on Information \& Knowledge Management},
	publisher = {{ACM}},
	author = {Xian, Yikun and Fu, Zuohui and Zhao, Handong and Ge, Yingqiang and Chen, Xu and Huang, Qiaoying and Geng, Shijie and Qin, Zhou and De Melo, Gerard and Muthukrishnan, S. and Zhang, Yongfeng},
	date = {2020-10-19},
}

@article{jaimini_causalkg_2022,
	title = {{CausalKG}: Causal Knowledge Graph Explainability Using Interventional and Counterfactual Reasoning},
	volume = {26},
	pages = {43--50},
	number = {1},
	journaltitle = {{IEEE} Internet Computing},
	author = {Jaimini, Utkarshani and Sheth, Amit},
	date = {2022-01-01},
}

@article{zellinger_counterfactual_2024,
  title={Counterfactual Reasoning with Knowledge Graph Embeddings},
  author={Zellinger, Lena and Stephan, Andreas and Roth, Benjamin},
  journal={arXiv preprint arXiv:2403.06936},
  year={2024}
}

@article{chiappa_path-specific_2019,
	title = {Path-Specific Counterfactual Fairness},
	volume = {33},
	pages = {7801--7808},
	number = {1},
	journaltitle = {Proceedings of the {AAAI} Conference on Artificial Intelligence},
	author = {Chiappa, Silvia},
	date = {2019-07-17},
}

@inproceedings{liu_practical_2022,
	title = {Practical Counterfactual Policy Learning for Top-K Recommendations},
	pages = {1141--1151},
	booktitle = {Proceedings of the 28th {ACM} {SIGKDD} Conference on Knowledge Discovery and Data Mining},
	publisher = {{ACM}},
	author = {Liu, Yaxu and Yen, Jui-Nan and Yuan, Bowen and Shi, Rundong and Yan, Peng and Lin, Chih-Jen},
}

@inproceedings{tan_counterfactual_2021,
	title = {Counterfactual Explainable Recommendation},
	pages = {1784--1793},
	booktitle = {Proceedings of the 30th {ACM} International Conference on Information \& Knowledge Management},
	publisher = {{ACM}},
	author = {Tan, Juntao and Xu, Shuyuan and Ge, Yingqiang and Li, Yunqi and Chen, Xu and Zhang, Yongfeng},
}

@inproceedings{yang_top-n_2021,
  title={Top-N recommendation with counterfactual user preference simulation},
  author={Yang, Mengyue and Dai, Quanyu and Dong, Zhenhua and Chen, Xu and He, Xiuqiang and Wang, Jun},
  booktitle={Proceedings of the 30th ACM International Conference on Information \& Knowledge Management},
  pages={2342--2351},
  year={2021}
}

@inproceedings{wei_model-agnostic_2021,
	title = {Model-Agnostic Counterfactual Reasoning for Eliminating Popularity Bias in Recommender System},
	pages = {1791--1800},
	booktitle = {Proceedings of the 27th {ACM} {SIGKDD} Conference on Knowledge Discovery \& Data Mining},
	publisher = {{ACM}},
	author = {Wei, Tianxin and Feng, Fuli and Chen, Jiawei and Wu, Ziwei and Yi, Jinfeng and He, Xiangnan},
	date = {2021-08-14},
}

@inproceedings{ghazimatin_prince_2020,
	title = {{PRINCE}: Provider-side Interpretability with Counterfactual Explanations in Recommender Systems},
	pages = {196--204},
	booktitle = {Proceedings of the 13th International Conference on Web Search and Data Mining},
	publisher = {{ACM}},
	author = {Ghazimatin, Azin and Balalau, Oana and Saha Roy, Rishiraj and Weikum, Gerhard},
	date = {2020-01-20},
}

@inproceedings{chen_dark_2023,
	title = {The Dark Side of Explanations: Poisoning Recommender Systems with Counterfactual Examples},
	pages = {2426--2430},
	booktitle = {Proceedings of the 46th International {ACM} {SIGIR} Conference on Research and Development in Information Retrieval},
	publisher = {{ACM}},
	author = {Chen, Ziheng and Silvestri, Fabrizio and Wang, Jia and Zhang, Yongfeng and Tolomei, Gabriele},
	date = {2023-07-19},
}

@inproceedings{tran_counterfactual_2021,
	title = {Counterfactual Explanations for Neural Recommenders},
	eventtitle = {{SIGIR} '21: The 44th International {ACM} {SIGIR} Conference on Research and Development in Information Retrieval},
	pages = {1627--1631},
	booktitle = {Proceedings of the 44th International {ACM} {SIGIR} Conference on Research and Development in Information Retrieval},
	publisher = {{ACM}},
	author = {Tran, Khanh Hiep and Ghazimatin, Azin and Saha Roy, Rishiraj},
	date = {2021-07-11},
}

@article{wang_incorporating_2021,
	title = {Incorporating prior knowledge from counterfactuals into knowledge graph reasoning},
	volume = {223},
	pages = {107035},
	journaltitle = {Knowledge-Based Systems},
	author = {Wang, Zikang and Li, Linjing and Zeng, Daniel and Wu, Xiaofei},
	date = {2021-07},
}

@inproceedings{guo_towards_2023,
	title = {Towards Fair Graph Neural Networks via Graph Counterfactual},
	url = {https://dl.acm.org/doi/10.1145/3583780.3615092},
	pages = {669--678},
	booktitle = {Proceedings of the 32nd {ACM} International Conference on Information and Knowledge Management},
	publisher = {{ACM}},
	author = {Guo, Zhimeng and Li, Jialiang and Xiao, Teng and Ma, Yao and Wang, Suhang},
	date = {2023-10-21},
}

@inproceedings{tan_learning_2022,
	title = {Learning and Evaluating Graph Neural Network Explanations based on Counterfactual and Factual Reasoning},
	pages = {1018--1027},
	booktitle = {Proceedings of the {ACM} Web Conference 2022},
	publisher = {{ACM}},
	author = {Tan, Juntao and Geng, Shijie and Fu, Zuohui and Ge, Yingqiang and Xu, Shuyuan and Li, Yunqi and Zhang, Yongfeng},
	date = {2022-04-25},
}

@article{lucic_cf-gnnexplainer_2021,
	title = {{CF}-{GNNExplainer}: Counterfactual Explanations for Graph Neural Networks},
	author = {Lucic, Ana and ter Hoeve, Maartje and Tolomei, Gabriele and de Rijke, Maarten and Silvestri, Fabrizio},
	date = {2021},
Version Number: 4},
}

@article{ma_clear_2022,
	title = {{CLEAR}: Generative Counterfactual Explanations on Graphs},
	author = {Ma, Jing and Guo, Ruocheng and Mishra, Saumitra and Zhang, Aidong and Li, Jundong},
	date = {2022},
	note = {Publisher: [object Object]
Version Number: 2},
}

@article{wei_causal_2023,
	title = {Causal Inference for Knowledge Graph Based Recommendation},
	volume = {35},
	pages = {11153--11164},
	number = {11},
	journaltitle = {{IEEE} Transactions on Knowledge and Data Engineering},
	author = {Wei, Yinwei and Wang, Xiang and Nie, Liqiang and Li, Shaoyu and Wang, Dingxian and Chua, Tat-Seng},
	date = {2023-11-01},
}

@article{wang_explainable_2019,
	title = {Explainable Reasoning over Knowledge Graphs for Recommendation},
	volume = {33},
	pages = {5329--5336},
	number = {1},
	journaltitle = {Proceedings of the {AAAI} Conference on Artificial Intelligence},
	author = {Wang, Xiang and Wang, Dingxian and Xu, Canran and He, Xiangnan and Cao, Yixin and Chua, Tat-Seng},
	date = {2019-07-17},
}

@article{ai_learning_2018,
	title = {Learning Heterogeneous Knowledge Base Embeddings for Explainable Recommendation},
	volume = {11},
	pages = {137},
	number = {9},
	journaltitle = {Algorithms},
	author = {Ai, Qingyao and Azizi, Vahid and Chen, Xu and Zhang, Yongfeng},
	date = {2018-09-13},
}

@inproceedings{geng_path_2022,
	title = {Path Language Modeling over Knowledge Graphsfor Explainable Recommendation},
	pages = {946--955},
	booktitle = {Proceedings of the {ACM} Web Conference 2022},
	publisher = {{ACM}},
	author = {Geng, Shijie and Fu, Zuohui and Tan, Juntao and Ge, Yingqiang and De Melo, Gerard and Zhang, Yongfeng},
	date = {2022-04-25},
}

@article{medda_gnnuers_2024,
	title = {{GNNUERS}: Fairness Explanation in {GNNs} for Recommendation via Counterfactual Reasoning},
	pages = {3655631},
	journaltitle = {{ACM} Transactions on Intelligent Systems and Technology},
	author = {Medda, Giacomo and Fabbri, Francesco and Marras, Mirko and Boratto, Ludovico and Fenu, Gianni},
	date = {2024-04-03},
}

@article{wang_reinforced_2024,
	title = {Reinforced Path Reasoning for Counterfactual Explainable Recommendation},
	pages = {1--17},
	journaltitle = {{IEEE} Transactions on Knowledge and Data Engineering},
	author = {Wang, Xiangmeng and Li, Qian and Yu, Dianer and Li, Qing and Xu, Guandong},
	date = {2024},
}

@article{noauthor_explainable_nodate,
  title={Explainable GNN-based models over knowledge graphs},
  author={Tena Cucala, DJ and Cuenca Grau, B and Kostylev, Egor V and Motik, Boris},
  year={2022},
  publisher={OpenReview}
}

@inproceedings{xian_reinforcement_2019,
	title = {Reinforcement Knowledge Graph Reasoning for Explainable Recommendation},
	pages = {285--294},
	booktitle = {Proceedings of the 42nd International {ACM} {SIGIR} Conference on Research and Development in Information Retrieval},
	publisher = {{ACM}},
	author = {Xian, Yikun and Fu, Zuohui and Muthukrishnan, S. and De Melo, Gerard and Zhang, Yongfeng},
	date = {2019-07-18},
}

@article{blondel_fast_2008,
	title = {Fast unfolding of communities in large networks},
	volume = {2008},
	pages = {P10008},
	number = {10},
	journaltitle = {Journal of Statistical Mechanics: Theory and Experiment},
	shortjournal = {J. Stat. Mech.},
	author = {Blondel, Vincent D and Guillaume, Jean-Loup and Lambiotte, Renaud and Lefebvre, Etienne},
	date = {2008-10-09},
}



@article{zhang_explainable_2020,
	title = {Explainable Recommendation: A Survey and New Perspectives},
	volume = {14},
	pages = {1--101},
	number = {1},
	journaltitle = {Foundations and Trends® in Information Retrieval},
	author = {Zhang, Yongfeng and Chen, Xu},
	date = {2020},
}

@inproceedings{byrne_counterfactuals_2019,
	title = {Counterfactuals in Explainable Artificial Intelligence ({XAI}): Evidence from Human Reasoning},
	pages = {6276--6282},
	booktitle = {Proceedings of the Twenty-Eighth International Joint Conference on Artificial Intelligence},
	publisher = {International Joint Conferences on Artificial Intelligence Organization},
	author = {Byrne, Ruth M. J.},
	date = {2019-08},
}

@article{jannach_measuring_2019,
	title = {Measuring the Business Value of Recommender Systems},
	volume = {10},
	pages = {1--23},
	number = {4},
	journaltitle = {{ACM} Transactions on Management Information Systems},
	author = {Jannach, Dietmar and Jugovac, Michael},
	date = {2019-12-31},
}

@book{aggarwal_recommender_2016,
  title={Recommender systems},
  author={Aggarwal, Charu C and others},
  volume={1},
  year={2016},
  publisher={Springer}
}

@inproceedings{vultureanu-albisi_recommender_2021,
	title = {Recommender Systems: An Explainable {AI} Perspective},
	doi = {10.1109/INISTA52262.2021.9548125},
	pages = {1--6},
	booktitle = {2021 International Conference on {INnovations} in Intelligent {SysTems} and Applications ({INISTA})},
	publisher = {{IEEE}},
	author = {Vultureanu-Albisi, Alexandra and Badica, Costin},
	date = {2021-08-25},
}

@article{tiddi_knowledge_2022,
	title = {Knowledge graphs as tools for explainable machine learning: A survey},
	volume = {302},
	pages = {103627},
	journaltitle = {Artificial Intelligence},
	author = {Tiddi, Ilaria and Schlobach, Stefan},
	date = {2022-01},
}



@article{guo_survey_2020,
	title = {A Survey on Knowledge Graph-Based Recommender Systems},
	volume = {34},
	pages = {3549--3568},
	number = {8},
	journaltitle = {{IEEE} Transactions on Knowledge and Data Engineering},
	author = {Guo, Qingyu and Zhuang, Fuzhen and Qin, Chuan and Zhu, Hengshu and Xie, Xing and Xiong, Hui and He, Qing},
	date = {2020-10-07},
}
